<?xml version='1.0' encoding='iso-8859-1' ?>
<collection>
<record xmlns="http://www.loc.gov/MARC21/slim">
  <leader>01142nam0a2200265  A450 </leader>
  <controlfield tag="001">IT\ICCU\BVEE\025199</controlfield>
  <controlfield tag="005">19991014</controlfield>
  <datafield tag="012" ind1=" " ind2=" ">
    <subfield code="a">&apos;ee, lido a.a, AcTe (3) 1723 (Q)</subfield>
    <subfield code="2">fei</subfield>
  </datafield>
  <datafield tag="100" ind1=" " ind2=" ">
    <subfield code="a">19991014f17231723|||||itac01      ba</subfield>
  </datafield>
  <datafield tag="101" ind1="|" ind2=" ">
    <subfield code="a">ita</subfield>
  </datafield>
  <datafield tag="102" ind1=" " ind2=" ">
    <subfield code="a">IT</subfield>
  </datafield>
  <datafield tag="105" ind1=" " ind2=" ">
    <subfield code="a">    ma   ||||</subfield>
  </datafield>
  <datafield tag="140" ind1=" " ind2=" ">
    <subfield code="a">|||||||||ma      |||||||||||</subfield>
  </datafield>
  <datafield tag="200" ind1="1" ind2=" ">
    <subfield code="a">HIl IClotario tragedia da rappresentarsi nel teatro Grimani di S. Samuele l&apos;anno 1723</subfield>
    <subfield code="f">[Gio.Battista Abbati]. Consacrata all&apos;illustrissimo, ed eccellentissimo sig. Giuseppe Lini patrizio veneto</subfield>
  </datafield>
  <datafield tag="210" ind1=" " ind2=" ">
    <subfield code="a">In Venezia</subfield>
    <subfield code="c">appresso Biasio Maldura. Si vende da Carlo Bonarigo in Spadaria</subfield>
  </datafield>
  <datafield tag="215" ind1=" " ind2=" ">
    <subfield code="a">72 p.</subfield>
    <subfield code="d">12o.</subfield>
  </datafield>
  <datafield tag="300" ind1=" " ind2=" ">
    <subfield code="a">Il nome dell&apos;A. figura nella pref</subfield>
  </datafield>
  <datafield tag="620" ind1=" " ind2=" ">
    <subfield code="d">VENEZIA</subfield>
  </datafield>
  <datafield tag="700" ind1=" " ind2="1">
    <subfield code="a">Abbati, Giovanni Battista</subfield>
    <subfield code="3">IT\ICCU\BVEV\063836</subfield>
  </datafield>
  <datafield tag="712" ind1="0" ind2="2">
    <subfield code="a">Buonarrigo, Carlo</subfield>
    <subfield code="3">IT\ICCU\BVEV\063781</subfield>
    <subfield code="4">650</subfield>
  </datafield>
  <datafield tag="712" ind1="0" ind2="2">
    <subfield code="a">Maldura, Biagio</subfield>
    <subfield code="3">IT\ICCU\PUVV\186624</subfield>
    <subfield code="4">650</subfield>
  </datafield>
  <datafield tag="801" ind1=" " ind2="0">
    <subfield code="a">IT</subfield>
    <subfield code="b">ICCU</subfield>
    <subfield code="c">20040318</subfield>
  </datafield>
  <datafield tag="899" ind1=" " ind2=" ">
    <subfield code="a">Biblioteca nazionale centrale Vittorio Emanuele II Roma RM</subfield>
    <subfield code="1">RM0267</subfield>
    <subfield code="2">BVECR</subfield>
    <subfield code="4">1 esemplare</subfield>
  </datafield>
  <datafield tag="899" ind1=" " ind2=" ">
    <subfield code="a">Biblioteca della Accademia dei Filodrammatici Milano MI</subfield>
    <subfield code="1">MI1181</subfield>
    <subfield code="2">LO144</subfield>
  </datafield>
</record>
</collection>
